@article{loftus17_requir_cs_alumn_applic,
  author =	 {Chris Loftus},
  title =	 {Requirements/design for the Cs-Alumni Application},
  journal =	 {blackboard.aber.ac.uk},
  year =	 2017,
  DATE_ADDED =	 {Sat Oct 28 21:55:20 2017},
}

@misc{Model1an89:online,
author = {Javapoint.com},
title = {Model 1 and Model 2 (MVC) Architecture - javatpoint},
howpublished = {\url{https://www.javatpoint.com/model-1-and-model-2-mvc-architecture}},
month = {},
year = {},
note = {(Accessed on 10/28/2017)}
}

@misc{javaWhat73:online,
author = {StackOverflow},
title = {java - What is the actual difference between MVC and MVC Model2 - Stack Overflow},
howpublished = {\url{https://stackoverflow.com/questions/796508/what-is-the-actual-difference-between-mvc-and-mvc-model2}},
month = {},
year = {},
note = {(Accessed on 10/28/2017)}
}

@misc{RubyProg39:online,
author = {Ruby-Lang},
title = {Ruby Programming Language},
howpublished = {\url{https://www.ruby-lang.org/en/}},
month = {},
year = {},
note = {(Accessed on 10/28/2017)}
}

@misc{RubyonRa5:online,
author = {},
title = {Ruby on Rails | A web-application framework that includes everything needed to create database-backed web applications according to the Model-View-Controller (MVC) pattern.},
howpublished = {\url{http://rubyonrails.org/}},
month = {},
year = {},
note = {(Accessed on 10/28/2017)}
}